

@misc{ESAkerne12:online,
	author = {ESA},
	title = {ESA - kernel (20)},
	howpublished = {\url{https://www.esa.int/ESA_Multimedia/Images/2020/03/Low_Earth_orbit.}},
	month = {},
	year = {},
	note = {(Accessed on 09/08/2021)}
}
@misc{earthdata28:online,
	author = {NASA},
	title = {What is Remote Sensing? | Earthdata},
	howpublished = {\url{https://earthdata.nasa.gov/learn/backgrounders/remote-sensing.}},
	month = {8},
	year = {2021},
	note = {(Accessed on 09/08/2021)}
}
@misc{Introduc19:online,
	author = {Stanford VLF Group},
	title = {Introduction to VLF – Stanford VLF Group},
	howpublished = {\url{https://vlf.stanford.edu/research_topic_inlin/introduction-vlf/}},
	month = {},
	year = {},
	note = {(Accessed on 09/08/2021)}
}
@misc{httpswww63:online,
	author = {chemeurope},
	title = {https://www.chemeurope.com/en/encyclopedia/Low\_frequency.html.},
	howpublished = {\url{https://www.chemeurope.com/en/encyclopedia/Low_frequency.html.}},
	month = {},
	year = {},
	note = {(Accessed on 09/08/2021)}
}
@misc{httpswww49:online,
	author = {chemeurope},
	title = {https://www.chemeurope.com/en/encyclopedia/Medium\_frequency.html.},
	howpublished = {\url{https://www.chemeurope.com/en/encyclopedia/Medium_frequency.html.}},
	month = {},
	year = {},
	note = {(Accessed on 09/08/2021)}
}
@misc{Extremel31:online,
	author = {Wikimedia Foundation},
	title = {Extremely high frequency. - Wikipedia},
	howpublished = {\url{https://en.wikipedia.org/wiki/Extremely_high_frequency.}},
	month = {8},
	year = {2021},
	note = {(Accessed on 09/08/2021)}
}
@misc{Superhig8:online,
	author = {Wikimedia Foundation},
	title = {Super high frequency - Wikipedia},
	howpublished = {\url{https://en.wikipedia.org/wiki/Super_high_frequency}},
	month = {7},
	year = 2021{},
	note = {(Accessed on 09/08/2021)}
}
@misc{Veryhigh48:online,
	author = {Wikimedia Foundation},
	title = {Very high frequency - Wikipedia},
	howpublished = {\url{https://en.wikipedia.org/wiki/Very_high_frequency}},
	month = {8},
	year = {2021},
	note = {(Accessed on 09/08/2021)}
}

@misc{Ultrahig37:online,
	author = {Wikimedia Foundation},
	title = {Ultra high frequency. - Wikipedia},
	howpublished = {\url{https://en.wikipedia.org/wiki/Ultra_high_frequency.}},
	month = {8},
	year = {2021},
	note = {(Accessed on 09/08/2021)}
}

@misc{40416:online,
	author = {Lucas,J},
	title = {What is infrared? },
	howpublished = {\url{https://www.livescience.com/50260-infrared-radiation.html.}},
	month = {2},
	year = {2019},
	note = {(Accessed on 09/08/2021)}
}
@misc{PageNotF73:online,
	author = {NASA},
	title = {Visible light  | Science Mission Directorate},
	howpublished = {\url{https://science.nasa.gov/ems/09_visiblelight.}},
	month = {},
	year = {},
	note = {(Accessed on 09/08/2021)}
}
@misc{uvlight14:online,
	author = {Wikimedia Foundation},
	title = {Uv light},
	howpublished = {\url{http://solar-center.stanford.edu/about/uvlight.html.}},
	month = {},
	year = {},
	note = {(Accessed on 09/08/2021)}
}
@misc{XrayWiki61:online,
	author = {Wikimedia Foundation},
	title = {X-ray. - Wikipedia},
	howpublished = {\url{https://en.wikipedia.org/wiki/X-ray.}},
	month = {9},
	year = {2021},
	note = {(Accessed on 09/08/2021)}
}
@misc{AtlasAIW26:online,
	author = {Muhebwa, A},
	title = {Atlas AI | What is spatial resolution?},
	howpublished = {\url{https://www.atlasai.co/learn/what-is-spatial-resolution/}},
	month = {},
	year = {},
	note = {(Accessed on 09/08/2021)}
}
@misc{Satellit48:online,
	author = {EARTH OBSERVING SYSTEM},
	title = {Satellite Data: What Spatial Resolution Is Enough For You?},
	howpublished = {\url{https://eos.com/blog/satellite-data-what-spatial-resolution-is-enough-for-you/}},
	month = {8},
	year = {2021},
	note = {(Accessed on 09/08/2021)}
}
@misc{spectral41:online,
	author = {Michael},
	title = {What Is Spectral Resolution?},
	howpublished = {\url{https://blog.hunterlab.com/blog/wp-content/uploads/2021/06/spectral-resolution-1536x1152.jpg}},
	month = {6},
	year = {2021},
	note = {(Accessed on 09/08/2021)}
}
@misc{RasterFi97:online,
	author = {Katie},
	title = {Raster Files — 7 Things You Need to Know | Scan2CAD},
	howpublished = {\url{https://www.scan2cad.com/cad/raster-files-7-things-need-know/}},
	month = {6},
	year = {2021},
	note = {(Accessed on 09/08/2021)}
}
@misc{什么是栅格数据？15:online,
	author = {ArcGIS for Desktop},
	title = {什么是栅格数据？—帮助 | ArcGIS for Desktop},
	howpublished = {\url{https://desktop.arcgis.com/zh-cn/arcmap/10.3/manage-data/raster-and-images/what-is-raster-data.htm}},
	month = {},
	year = {},
	note = {(Accessed on 09/08/2021)}
}
@misc{Thepaged34:online,
	author = {Logogenie.net},
	title =  What is a vector file, how to use a vector file, vector files},
	howpublished = {\url{https://www.logogenie.net/blog/what-is-a-vector-file.}},
	month = {},
	year = {},
	note = {(Accessed on 09/08/2021)}
}
@misc{NASA23:online,
	author = {NASA},
	title = {Geotiff| Earthdata},
	howpublished = {\url{https://earthdata.nasa.gov/esdis/eso/standards-and-references/geotiff.}},
	month = {9},
	year = {2021},N
	note = {(Accessed on 09/08/2021)}
}
@misc{SpatioTe88:online,
	author = {SpatioTemporal Asset Catalog},
	title = {SpatioTemporal Asset Catalog},
	howpublished = {\url{https://stacspec.org/#:~:text=The%20SpatioTemporal%20Asset%20Catalog%20%28STAC%29%20specification%20provides%20a,earth%20captured%20in%20a%20certain%20space%20and%20time.}},
	month = {},
	year = {},
	note = {(Accessed on 09/08/2021)}
}
@misc{Topicnot43:online,
	author = {Watson, N. J},
	title = {Ultrasound tomography},
	howpublished = {\url{https://www.sciencedirect.com/topics/engineering/temporal-resolution.}},
	month = {},
	year = {2015},
	note = {(Accessed on 09/08/2021)}
}