@online{美团王兴的思维模32:online,
author = {预测模型},
title = {美团王兴的思维模型 ... - @模型预测 的视频 - 视频 - 微博},
url = {https://weibo.com/tv/show/1034:4639189720039444?from=old_pc_videoshow},
month = {6},
year = {2021},
}

@online{2021年中国医79:online,
author = {周小松},
title = {2021年中国医药零售行业市场规模与竞争格局分析 药店连锁化发展大势已成【组图】\_行业研究报告 - 前瞻网},
url = {https://www.qianzhan.com/analyst/detail/220/210812-7242f42a.html#:~:text=%E6%88%AA%E8%87%B3%E5%88%B02020%E5%B9%B4,%E9%87%8F%E7%9A%8424.1%25%E3%80%82},
month = {8},
year = {2021},
}

@online{重磅！以终端零售64:online,
author = {米内网},
title = {重磅！以终端零售价计，中国零售药店市场突破7000亿，TOP20畅销品牌和企业超亮眼-米内网},
url = {https://www.menet.com.cn/info/202107/2021072614070272_141956.shtml},
month = {7},
year = {2021},
}

@online{【首发】力美康完94:online,
author = {李成平},
title = {【首发】力美康完成2000万元pre-A轮融资，为连锁药店提供“人货场”全面赋能},
url = {https://mp.weixin.qq.com/s/MJmjeae8-F0rXR_dtoaENA},
month = {7},
year = {2021},
}

@online{珠海云医保处方共23:online,
author = {珠海医保},
title = {珠海云医保处方共享服务平台，您使用了吗？},
url = {https://mp.weixin.qq.com/s/upUUksMnCA9XMWi0-hptcA},
month = {1},
year = {2021},
}

@online{中医教育平台中医60:online,
author = {药事康讯},
title = {中医教育平台中医在线完成8000万元A+轮融资，打造赋能基层的智能SaaS平台},
url = {https://mp.weixin.qq.com/s/1Y07bvtZhtp3e6xomVyUzQ},
month = {8},
year = {2021},
}

@online{海比研究院：2077:online,
author = {海比研究院},
title = {海比研究院：2021年中国SaaS市场研究报告-规模将达666亿元},
url = {https://mp.weixin.qq.com/s/MZE_mGCLvMHzsqqoKdjsfQ},
month = {7},
year = {2021},
}